<record><leader>00000cas a2200000 a 4500</leader><controlfield tag="001">12078559</controlfield><controlfield tag="008">850524d18341841hiusx ne      0    0haw d</controlfield><datafield ind1=" " ind2=" " tag="010"><subfield code="a">sn 85047085 </subfield></datafield><datafield ind1=" " ind2=" " tag="040"><subfield code="a">HUH</subfield><subfield code="b">eng</subfield><subfield code="c">HUH</subfield><subfield code="d">HWN</subfield><subfield code="d">OCL</subfield><subfield code="d">OCLCG</subfield><subfield code="d">HIL</subfield><subfield code="d">UKMGB</subfield><subfield code="d">OCLCQ</subfield><subfield code="d">OCLCF</subfield><subfield code="d">OCLCO</subfield></datafield><datafield ind1="7" ind2=" " tag="016"><subfield code="a">013939685</subfield><subfield code="2">Uk</subfield></datafield><datafield ind1="1" ind2=" " tag="029"><subfield code="a">NZ1</subfield><subfield code="b">6018734</subfield></datafield><datafield ind1=" " ind2=" " tag="042"><subfield code="a">msc</subfield></datafield><datafield ind1=" " ind2=" " tag="043"><subfield code="a">n-us-hi</subfield></datafield><datafield ind1=" " ind2="4" tag="050"><subfield code="a">DU620</subfield><subfield code="b">.L35</subfield></datafield><datafield ind1="0" ind2="3" tag="245"><subfield code="a">Ka Lama Hawaii.</subfield></datafield><datafield ind1=" " ind2=" " tag="260"><subfield code="a">Lahainaluna, Maui :</subfield><subfield code="b">[s.n.],</subfield><subfield code="c">1834-1841.</subfield></datafield><datafield ind1=" " ind2=" " tag="300"><subfield code="a">2 v. :</subfield><subfield code="b">ill. ;</subfield><subfield code="c">30 cm.</subfield></datafield><datafield ind1=" " ind2=" " tag="310"><subfield code="a">Semimonthly,</subfield><subfield code="b">1841</subfield></datafield><datafield ind1=" " ind2=" " tag="321"><subfield code="a">Weekly,</subfield><subfield code="b">1834</subfield></datafield><datafield ind1="0" ind2=" " tag="362"><subfield code="a">Makahiki 1, helu 1 (Feberuari 14, 1834)-buku 2, helu 2 (Ianuari 15, 1841).</subfield></datafield><datafield ind1=" " ind2=" " tag="500"><subfield code="a">Editor: L. Andrews.</subfield></datafield><datafield ind1=" " ind2=" " tag="515"><subfield code="a">Suspended publication with makahihi 1, helu 25 (Dekemaba 26, 1834); revived for two issues in Jan. 1841.</subfield></datafield><datafield ind1=" " ind2=" " tag="546"><subfield code="a">In Hawaiian.</subfield></datafield><datafield ind1=" " ind2=" " tag="550"><subfield code="a">Issued under the auspices of Lahainaluna Seminary.</subfield></datafield><datafield ind1=" " ind2="0" tag="650"><subfield code="a">Hawaiian language</subfield><subfield code="x">Texts.</subfield></datafield><datafield ind1=" " ind2="0" tag="651"><subfield code="a">Hawaii</subfield><subfield code="v">Newspapers.</subfield></datafield><datafield ind1=" " ind2="7" tag="655"><subfield code="a">Newspapers.</subfield><subfield code="2">fast</subfield><subfield code="0">(OCoLC)fst01423814</subfield></datafield><datafield ind1=" " ind2="7" tag="655"><subfield code="a">Texts.</subfield><subfield code="2">fast</subfield><subfield code="0">(OCoLC)fst01423705</subfield></datafield><datafield ind1=" " ind2="7" tag="650"><subfield code="a">Hawaiian language.</subfield><subfield code="2">fast</subfield><subfield code="0">(OCoLC)fst00952008</subfield></datafield><datafield ind1=" " ind2="7" tag="651"><subfield code="a">Hawaii.</subfield><subfield code="2">fast</subfield><subfield code="0">(OCoLC)fst01208724</subfield></datafield><datafield ind1="1" ind2=" " tag="700"><subfield code="a">Andrews, Lorrin,</subfield><subfield code="d">1795-1868.</subfield></datafield><datafield ind1="2" ind2=" " tag="710"><subfield code="a">Lahainaluna Seminary.</subfield></datafield><datafield ind1=" " ind2=" " tag="752"><subfield code="a">United States</subfield><subfield code="b">Hawaii</subfield><subfield code="c">Maui</subfield><subfield code="d">Lahainaluna.</subfield></datafield></record>